%YAML 1.1
%TAG !u! tag:unity3d.com,2011:
--- !u!1 &1049208919369877897
GameObject:
  m_ObjectHideFlags: 0
  m_CorrespondingSourceObject: {fileID: 0}
  m_PrefabInstance: {fileID: 0}
  m_PrefabAsset: {fileID: 0}
  serializedVersion: 6
  m_Component:
  - component: {fileID: 1049208919369877898}
  m_Layer: 0
  m_Name: Bone.029
  m_TagString: Untagged
  m_Icon: {fileID: 0}
  m_NavMeshLayer: 0
  m_StaticEditorFlags: 0
  m_IsActive: 1
--- !u!4 &1049208919369877898
Transform:
  m_ObjectHideFlags: 0
  m_CorrespondingSourceObject: {fileID: 0}
  m_PrefabInstance: {fileID: 0}
  m_PrefabAsset: {fileID: 0}
  m_GameObject: {fileID: 1049208919369877897}
  m_LocalRotation: {x: 0.9555674, y: -0.19038527, z: -0.20833966, w: 0.085082054}
  m_LocalPosition: {x: -0.0010386646, y: 0.0044085104, z: 0.01263981}
  m_LocalScale: {x: 0.9999996, y: 0.9999997, z: 0.99999976}
  m_ConstrainProportionsScale: 0
  m_Children:
  - {fileID: 1049208920475317337}
  m_Father: {fileID: 1049208920414967985}
  m_RootOrder: 5
  m_LocalEulerAnglesHint: {x: 0, y: 0, z: 0}
--- !u!1 &1049208919370515017
GameObject:
  m_ObjectHideFlags: 0
  m_CorrespondingSourceObject: {fileID: 0}
  m_PrefabInstance: {fileID: 0}
  m_PrefabAsset: {fileID: 0}
  serializedVersion: 6
  m_Component:
  - component: {fileID: 1049208919370515018}
  m_Layer: 0
  m_Name: Bone.003
  m_TagString: Untagged
  m_Icon: {fileID: 0}
  m_NavMeshLayer: 0
  m_StaticEditorFlags: 0
  m_IsActive: 1
--- !u!4 &1049208919370515018
Transform:
  m_ObjectHideFlags: 0
  m_CorrespondingSourceObject: {fileID: 0}
  m_PrefabInstance: {fileID: 0}
  m_PrefabAsset: {fileID: 0}
  m_GameObject: {fileID: 1049208919370515017}
  m_LocalRotation: {x: 0.52320856, y: 0.5045091, z: -0.48290837, w: -0.48838803}
  m_LocalPosition: {x: 0.0010575684, y: 0.013618619, z: -0.017547606}
  m_LocalScale: {x: 0.99999994, y: 1.0000001, z: 1}
  m_ConstrainProportionsScale: 0
  m_Children:
  - {fileID: 1049208921404242736}
  m_Father: {fileID: 1049208920414967985}
  m_RootOrder: 1
  m_LocalEulerAnglesHint: {x: 0, y: 0, z: 0}
--- !u!1 &1049208919375688851
GameObject:
  m_ObjectHideFlags: 0
  m_CorrespondingSourceObject: {fileID: 0}
  m_PrefabInstance: {fileID: 0}
  m_PrefabAsset: {fileID: 0}
  serializedVersion: 6
  m_Component:
  - component: {fileID: 1049208919375688860}
  m_Layer: 0
  m_Name: Camera
  m_TagString: Untagged
  m_Icon: {fileID: 0}
  m_NavMeshLayer: 0
  m_StaticEditorFlags: 0
  m_IsActive: 0
--- !u!4 &1049208919375688860
Transform:
  m_ObjectHideFlags: 0
  m_CorrespondingSourceObject: {fileID: 0}
  m_PrefabInstance: {fileID: 0}
  m_PrefabAsset: {fileID: 0}
  m_GameObject: {fileID: 1049208919375688851}
  m_LocalRotation: {x: 0, y: 0, z: 0, w: 1}
  m_LocalPosition: {x: 0, y: 0, z: 0}
  m_LocalScale: {x: 1, y: 1, z: 1}
  m_ConstrainProportionsScale: 0
  m_Children: []
  m_Father: {fileID: 1049208920610109097}
  m_RootOrder: 2
  m_LocalEulerAnglesHint: {x: 0, y: 0, z: 0}
--- !u!1 &1049208919447412468
GameObject:
  m_ObjectHideFlags: 0
  m_CorrespondingSourceObject: {fileID: 0}
  m_PrefabInstance: {fileID: 0}
  m_PrefabAsset: {fileID: 0}
  serializedVersion: 6
  m_Component:
  - component: {fileID: 1049208919447412469}
  m_Layer: 0
  m_Name: Bone.001
  m_TagString: Untagged
  m_Icon: {fileID: 0}
  m_NavMeshLayer: 0
  m_StaticEditorFlags: 0
  m_IsActive: 1
--- !u!4 &1049208919447412469
Transform:
  m_ObjectHideFlags: 0
  m_CorrespondingSourceObject: {fileID: 0}
  m_PrefabInstance: {fileID: 0}
  m_PrefabAsset: {fileID: 0}
  m_GameObject: {fileID: 1049208919447412468}
  m_LocalRotation: {x: -0.01905374, y: -0.7378295, z: -0.020845918, w: 0.67439604}
  m_LocalPosition: {x: -0, y: 0.01, z: 0}
  m_LocalScale: {x: 1, y: 1.0000001, z: 1}
  m_ConstrainProportionsScale: 0
  m_Children:
  - {fileID: 1049208919887506519}
  m_Father: {fileID: 1049208920414967985}
  m_RootOrder: 0
  m_LocalEulerAnglesHint: {x: 0, y: 0, z: 0}
--- !u!1 &1049208919459937651
GameObject:
  m_ObjectHideFlags: 0
  m_CorrespondingSourceObject: {fileID: 0}
  m_PrefabInstance: {fileID: 0}
  m_PrefabAsset: {fileID: 0}
  serializedVersion: 6
  m_Component:
  - component: {fileID: 1049208919459937660}
  m_Layer: 0
  m_Name: Bone.025
  m_TagString: Untagged
  m_Icon: {fileID: 0}
  m_NavMeshLayer: 0
  m_StaticEditorFlags: 0
  m_IsActive: 1
--- !u!4 &1049208919459937660
Transform:
  m_ObjectHideFlags: 0
  m_CorrespondingSourceObject: {fileID: 0}
  m_PrefabInstance: {fileID: 0}
  m_PrefabAsset: {fileID: 0}
  m_GameObject: {fileID: 1049208919459937651}
  m_LocalRotation: {x: -0.011366429, y: 0.2505896, z: -0.07928767, w: 0.96477413}
  m_LocalPosition: {x: -3.352761e-10, y: 0.0068159406, z: 0.0000000020861626}
  m_LocalScale: {x: 1, y: 0.9999999, z: 0.9999999}
  m_ConstrainProportionsScale: 0
  m_Children:
  - {fileID: 1049208920124900869}
  m_Father: {fileID: 1049208920970062301}
  m_RootOrder: 0
  m_LocalEulerAnglesHint: {x: 0, y: 0, z: 0}
--- !u!1 &1049208919485626905
GameObject:
  m_ObjectHideFlags: 0
  m_CorrespondingSourceObject: {fileID: 0}
  m_PrefabInstance: {fileID: 0}
  m_PrefabAsset: {fileID: 0}
  serializedVersion: 6
  m_Component:
  - component: {fileID: 1049208919485626906}
  m_Layer: 0
  m_Name: Bone.011
  m_TagString: Untagged
  m_Icon: {fileID: 0}
  m_NavMeshLayer: 0
  m_StaticEditorFlags: 0
  m_IsActive: 1
--- !u!4 &1049208919485626906
Transform:
  m_ObjectHideFlags: 0
  m_CorrespondingSourceObject: {fileID: 0}
  m_PrefabInstance: {fileID: 0}
  m_PrefabAsset: {fileID: 0}
  m_GameObject: {fileID: 1049208919485626905}
  m_LocalRotation: {x: -0.092697054, y: 0.4430986, z: 0.17044103, w: 0.87522614}
  m_LocalPosition: {x: -7.4505804e-11, y: 0.016562462, z: -5.587935e-10}
  m_LocalScale: {x: 1.0000001, y: 1, z: 1}
  m_ConstrainProportionsScale: 0
  m_Children:
  - {fileID: 1049208920153761166}
  m_Father: {fileID: 1049208920832503965}
  m_RootOrder: 1
  m_LocalEulerAnglesHint: {x: 0, y: 0, z: 0}
--- !u!1 &1049208919500004857
GameObject:
  m_ObjectHideFlags: 0
  m_CorrespondingSourceObject: {fileID: 0}
  m_PrefabInstance: {fileID: 0}
  m_PrefabAsset: {fileID: 0}
  serializedVersion: 6
  m_Component:
  - component: {fileID: 1049208919500004858}
  m_Layer: 0
  m_Name: Bone.033
  m_TagString: Untagged
  m_Icon: {fileID: 0}
  m_NavMeshLayer: 0
  m_StaticEditorFlags: 0
  m_IsActive: 1
--- !u!4 &1049208919500004858
Transform:
  m_ObjectHideFlags: 0
  m_CorrespondingSourceObject: {fileID: 0}
  m_PrefabInstance: {fileID: 0}
  m_PrefabAsset: {fileID: 0}
  m_GameObject: {fileID: 1049208919500004857}
  m_LocalRotation: {x: 0.025649592, y: 0.91200465, z: 0.11357019, w: -0.39330825}
  m_LocalPosition: {x: -0.0000000019371509, y: 0.01061675, z: 0.0000000011920929}
  m_LocalScale: {x: 1, y: 0.99999994, z: 1.0000001}
  m_ConstrainProportionsScale: 0
  m_Children:
  - {fileID: 1049208920114447329}
  m_Father: {fileID: 1049208921292499787}
  m_RootOrder: 0
  m_LocalEulerAnglesHint: {x: 0, y: 0, z: 0}
--- !u!1 &1049208919540732655
GameObject:
  m_ObjectHideFlags: 0
  m_CorrespondingSourceObject: {fileID: 0}
  m_PrefabInstance: {fileID: 0}
  m_PrefabAsset: {fileID: 0}
  serializedVersion: 6
  m_Component:
  - component: {fileID: 1049208919540732648}
  m_Layer: 0
  m_Name: Bone.022_end
  m_TagString: Untagged
  m_Icon: {fileID: 0}
  m_NavMeshLayer: 0
  m_StaticEditorFlags: 0
  m_IsActive: 1
--- !u!4 &1049208919540732648
Transform:
  m_ObjectHideFlags: 0
  m_CorrespondingSourceObject: {fileID: 0}
  m_PrefabInstance: {fileID: 0}
  m_PrefabAsset: {fileID: 0}
  m_GameObject: {fileID: 1049208919540732655}
  m_LocalRotation: {x: 0, y: -0, z: -0, w: 1}
  m_LocalPosition: {x: -0, y: 0.016385555, z: 0}
  m_LocalScale: {x: 1, y: 1, z: 1}
  m_ConstrainProportionsScale: 0
  m_Children: []
  m_Father: {fileID: 1049208920551805618}
  m_RootOrder: 0
  m_LocalEulerAnglesHint: {x: 0, y: 0, z: 0}
--- !u!1 &1049208919569825353
GameObject:
  m_ObjectHideFlags: 0
  m_CorrespondingSourceObject: {fileID: 0}
  m_PrefabInstance: {fileID: 0}
  m_PrefabAsset: {fileID: 0}
  serializedVersion: 6
  m_Component:
  - component: {fileID: 1049208919569825354}
  m_Layer: 0
  m_Name: Bone.023
  m_TagString: Untagged
  m_Icon: {fileID: 0}
  m_NavMeshLayer: 0
  m_StaticEditorFlags: 0
  m_IsActive: 1
--- !u!4 &1049208919569825354
Transform:
  m_ObjectHideFlags: 0
  m_CorrespondingSourceObject: {fileID: 0}
  m_PrefabInstance: {fileID: 0}
  m_PrefabAsset: {fileID: 0}
  m_GameObject: {fileID: 1049208919569825353}
  m_LocalRotation: {x: 0.71074826, y: -0.20683832, z: 0.6651796, w: 0.097933434}
  m_LocalPosition: {x: 0.00040421484, y: 0.0055441987, z: -0.013951707}
  m_LocalScale: {x: 0.99999934, y: 0.99999976, z: 0.99999994}
  m_ConstrainProportionsScale: 0
  m_Children:
  - {fileID: 1049208920970062301}
  m_Father: {fileID: 1049208920414967985}
  m_RootOrder: 3
  m_LocalEulerAnglesHint: {x: 0, y: 0, z: 0}
--- !u!1 &1049208919628849307
GameObject:
  m_ObjectHideFlags: 0
  m_CorrespondingSourceObject: {fileID: 0}
  m_PrefabInstance: {fileID: 0}
  m_PrefabAsset: {fileID: 0}
  serializedVersion: 6
  m_Component:
  - component: {fileID: 1049208919628849508}
  m_Layer: 0
  m_Name: Bone.027
  m_TagString: Untagged
  m_Icon: {fileID: 0}
  m_NavMeshLayer: 0
  m_StaticEditorFlags: 0
  m_IsActive: 1
--- !u!4 &1049208919628849508
Transform:
  m_ObjectHideFlags: 0
  m_CorrespondingSourceObject: {fileID: 0}
  m_PrefabInstance: {fileID: 0}
  m_PrefabAsset: {fileID: 0}
  m_GameObject: {fileID: 1049208919628849307}
  m_LocalRotation: {x: 0.07073955, y: 0.44396085, z: 0.06140498, w: 0.8911364}
  m_LocalPosition: {x: -2.9802322e-10, y: 0.009197422, z: 8.9406965e-10}
  m_LocalScale: {x: 0.9999999, y: 1, z: 1}
  m_ConstrainProportionsScale: 0
  m_Children:
  - {fileID: 1049208921394071143}
  m_Father: {fileID: 1049208919707678185}
  m_RootOrder: 0
  m_LocalEulerAnglesHint: {x: 0, y: 0, z: 0}
--- !u!1 &1049208919674508846
GameObject:
  m_ObjectHideFlags: 0
  m_CorrespondingSourceObject: {fileID: 0}
  m_PrefabInstance: {fileID: 0}
  m_PrefabAsset: {fileID: 0}
  serializedVersion: 6
  m_Component:
  - component: {fileID: 1049208919674508847}
  m_Layer: 0
  m_Name: Bone.009
  m_TagString: Untagged
  m_Icon: {fileID: 0}
  m_NavMeshLayer: 0
  m_StaticEditorFlags: 0
  m_IsActive: 1
--- !u!4 &1049208919674508847
Transform:
  m_ObjectHideFlags: 0
  m_CorrespondingSourceObject: {fileID: 0}
  m_PrefabInstance: {fileID: 0}
  m_PrefabAsset: {fileID: 0}
  m_GameObject: {fileID: 1049208919674508846}
  m_LocalRotation: {x: 0.23433997, y: 0.29091075, z: 0.08518417, w: 0.92368793}
  m_LocalPosition: {x: -1.11758706e-10, y: 0.012986078, z: 7.2992407e-10}
  m_LocalScale: {x: 1, y: 0.99999994, z: 0.99999994}
  m_ConstrainProportionsScale: 0
  m_Children:
  - {fileID: 1049208921308708730}
  m_Father: {fileID: 1049208920020771196}
  m_RootOrder: 0
  m_LocalEulerAnglesHint: {x: 0, y: 0, z: 0}
--- !u!1 &1049208919707678184
GameObject:
  m_ObjectHideFlags: 0
  m_CorrespondingSourceObject: {fileID: 0}
  m_PrefabInstance: {fileID: 0}
  m_PrefabAsset: {fileID: 0}
  serializedVersion: 6
  m_Component:
  - component: {fileID: 1049208919707678185}
  m_Layer: 0
  m_Name: Bone.026
  m_TagString: Untagged
  m_Icon: {fileID: 0}
  m_NavMeshLayer: 0
  m_StaticEditorFlags: 0
  m_IsActive: 1
--- !u!4 &1049208919707678185
Transform:
  m_ObjectHideFlags: 0
  m_CorrespondingSourceObject: {fileID: 0}
  m_PrefabInstance: {fileID: 0}
  m_PrefabAsset: {fileID: 0}
  m_GameObject: {fileID: 1049208919707678184}
  m_LocalRotation: {x: 0.7717719, y: 0.007987201, z: 0.62934655, w: -0.09070382}
  m_LocalPosition: {x: 0.004823861, y: 0.005120152, z: -0.013737576}
  m_LocalScale: {x: 1.0000019, y: 1, z: 1.0000021}
  m_ConstrainProportionsScale: 0
  m_Children:
  - {fileID: 1049208919628849508}
  m_Father: {fileID: 1049208920414967985}
  m_RootOrder: 4
  m_LocalEulerAnglesHint: {x: 0, y: 0, z: 0}
--- !u!1 &1049208919821240985
GameObject:
  m_ObjectHideFlags: 0
  m_CorrespondingSourceObject: {fileID: 0}
  m_PrefabInstance: {fileID: 0}
  m_PrefabAsset: {fileID: 0}
  serializedVersion: 6
  m_Component:
  - component: {fileID: 1049208919821240986}
  m_Layer: 0
  m_Name: Bone.034_end
  m_TagString: Untagged
  m_Icon: {fileID: 0}
  m_NavMeshLayer: 0
  m_StaticEditorFlags: 0
  m_IsActive: 1
--- !u!4 &1049208919821240986
Transform:
  m_ObjectHideFlags: 0
  m_CorrespondingSourceObject: {fileID: 0}
  m_PrefabInstance: {fileID: 0}
  m_PrefabAsset: {fileID: 0}
  m_GameObject: {fileID: 1049208919821240985}
  m_LocalRotation: {x: 0, y: -0, z: -0, w: 1}
  m_LocalPosition: {x: -0, y: 0.0072615766, z: 0}
  m_LocalScale: {x: 1, y: 1, z: 1}
  m_ConstrainProportionsScale: 0
  m_Children: []
  m_Father: {fileID: 1049208920114447329}
  m_RootOrder: 0
  m_LocalEulerAnglesHint: {x: 0, y: 0, z: 0}
--- !u!1 &1049208919855874149
GameObject:
  m_ObjectHideFlags: 0
  m_CorrespondingSourceObject: {fileID: 0}
  m_PrefabInstance: {fileID: 0}
  m_PrefabAsset: {fileID: 0}
  serializedVersion: 6
  m_Component:
  - component: {fileID: 1049208919855874150}
  - component: {fileID: 1049208919855874151}
  m_Layer: 0
  m_Name: Inventory
  m_TagString: Untagged
  m_Icon: {fileID: 0}
  m_NavMeshLayer: 0
  m_StaticEditorFlags: 0
  m_IsActive: 1
--- !u!4 &1049208919855874150
Transform:
  m_ObjectHideFlags: 0
  m_CorrespondingSourceObject: {fileID: 0}
  m_PrefabInstance: {fileID: 0}
  m_PrefabAsset: {fileID: 0}
  m_GameObject: {fileID: 1049208919855874149}
  m_LocalRotation: {x: -0, y: 0.7071068, z: -0, w: 0.7071068}
  m_LocalPosition: {x: 0, y: 2, z: 0}
  m_LocalScale: {x: 1, y: 1, z: 1}
  m_ConstrainProportionsScale: 0
  m_Children: []
  m_Father: {fileID: 1049208920610109097}
  m_RootOrder: 0
  m_LocalEulerAnglesHint: {x: 0, y: 0, z: 0}
--- !u!114 &1049208919855874151
MonoBehaviour:
  m_ObjectHideFlags: 0
  m_CorrespondingSourceObject: {fileID: 0}
  m_PrefabInstance: {fileID: 0}
  m_PrefabAsset: {fileID: 0}
  m_GameObject: {fileID: 1049208919855874149}
  m_Enabled: 1
  m_EditorHideFlags: 0
  m_Script: {fileID: 11500000, guid: 65bb80c3575ddec44b92ba1b39c9fd45, type: 3}
  m_Name: 
  m_EditorClassIdentifier: 
--- !u!1 &1049208919887506518
GameObject:
  m_ObjectHideFlags: 0
  m_CorrespondingSourceObject: {fileID: 0}
  m_PrefabInstance: {fileID: 0}
  m_PrefabAsset: {fileID: 0}
  serializedVersion: 6
  m_Component:
  - component: {fileID: 1049208919887506519}
  m_Layer: 0
  m_Name: Bone.002
  m_TagString: Untagged
  m_Icon: {fileID: 0}
  m_NavMeshLayer: 0
  m_StaticEditorFlags: 0
  m_IsActive: 1
--- !u!4 &1049208919887506519
Transform:
  m_ObjectHideFlags: 0
  m_CorrespondingSourceObject: {fileID: 0}
  m_PrefabInstance: {fileID: 0}
  m_PrefabAsset: {fileID: 0}
  m_GameObject: {fileID: 1049208919887506518}
  m_LocalRotation: {x: 0.0056232535, y: 0.11109557, z: 0.07170276, w: 0.9912038}
  m_LocalPosition: {x: -5.4904636e-10, y: 0.010738921, z: -1.4901161e-10}
  m_LocalScale: {x: 1, y: 1, z: 0.99999994}
  m_ConstrainProportionsScale: 0
  m_Children:
  - {fileID: 1049208921195372058}
  m_Father: {fileID: 1049208919447412469}
  m_RootOrder: 0
  m_LocalEulerAnglesHint: {x: 0, y: 0, z: 0}
--- !u!1 &1049208919955502400
GameObject:
  m_ObjectHideFlags: 0
  m_CorrespondingSourceObject: {fileID: 0}
  m_PrefabInstance: {fileID: 0}
  m_PrefabAsset: {fileID: 0}
  serializedVersion: 6
  m_Component:
  - component: {fileID: 1049208919955502401}
  m_Layer: 0
  m_Name: Bone.018
  m_TagString: Untagged
  m_Icon: {fileID: 0}
  m_NavMeshLayer: 0
  m_StaticEditorFlags: 0
  m_IsActive: 1
--- !u!4 &1049208919955502401
Transform:
  m_ObjectHideFlags: 0
  m_CorrespondingSourceObject: {fileID: 0}
  m_PrefabInstance: {fileID: 0}
  m_PrefabAsset: {fileID: 0}
  m_GameObject: {fileID: 1049208919955502400}
  m_LocalRotation: {x: 0.1642006, y: -0.08770303, z: 0.15326196, w: 0.97049326}
  m_LocalPosition: {x: -5.2154064e-10, y: 0.008017007, z: -0.0000000046845523}
  m_LocalScale: {x: 0.99999994, y: 0.99999994, z: 0.99999994}
  m_ConstrainProportionsScale: 0
  m_Children:
  - {fileID: 1049208921336188281}
  m_Father: {fileID: 1049208921212801150}
  m_RootOrder: 0
  m_LocalEulerAnglesHint: {x: 0, y: 0, z: 0}
--- !u!1 &1049208919998414711
GameObject:
  m_ObjectHideFlags: 0
  m_CorrespondingSourceObject: {fileID: 0}
  m_PrefabInstance: {fileID: 0}
  m_PrefabAsset: {fileID: 0}
  serializedVersion: 6
  m_Component:
  - component: {fileID: 1049208919998414704}
  m_Layer: 0
  m_Name: Bone.031
  m_TagString: Untagged
  m_Icon: {fileID: 0}
  m_NavMeshLayer: 0
  m_StaticEditorFlags: 0
  m_IsActive: 1
--- !u!4 &1049208919998414704
Transform:
  m_ObjectHideFlags: 0
  m_CorrespondingSourceObject: {fileID: 0}
  m_PrefabInstance: {fileID: 0}
  m_PrefabAsset: {fileID: 0}
  m_GameObject: {fileID: 1049208919998414711}
  m_LocalRotation: {x: 0.009726462, y: 0.92099726, z: -0.11922827, w: -0.3707478}
  m_LocalPosition: {x: 0.0000000015553087, y: 0.0052809855, z: -2.7939676e-10}
  m_LocalScale: {x: 1, y: 1, z: 1}
  m_ConstrainProportionsScale: 0
  m_Children:
  - {fileID: 1049208921379402580}
  m_Father: {fileID: 1049208920475317337}
  m_RootOrder: 0
  m_LocalEulerAnglesHint: {x: 0, y: 0, z: 0}
--- !u!1 &1049208920020771187
GameObject:
  m_ObjectHideFlags: 0
  m_CorrespondingSourceObject: {fileID: 0}
  m_PrefabInstance: {fileID: 0}
  m_PrefabAsset: {fileID: 0}
  serializedVersion: 6
  m_Component:
  - component: {fileID: 1049208920020771196}
  m_Layer: 0
  m_Name: Bone.008
  m_TagString: Untagged
  m_Icon: {fileID: 0}
  m_NavMeshLayer: 0
  m_StaticEditorFlags: 0
  m_IsActive: 1
--- !u!4 &1049208920020771196
Transform:
  m_ObjectHideFlags: 0
  m_CorrespondingSourceObject: {fileID: 0}
  m_PrefabInstance: {fileID: 0}
  m_PrefabAsset: {fileID: 0}
  m_GameObject: {fileID: 1049208920020771187}
  m_LocalRotation: {x: 0.029580805, y: 0.8504324, z: 0.48046502, w: -0.21223359}
  m_LocalPosition: {x: -7.4505804e-11, y: 0.016562462, z: -5.587935e-10}
  m_LocalScale: {x: 1.0000001, y: 0.9999997, z: 0.99999976}
  m_ConstrainProportionsScale: 0
  m_Children:
  - {fileID: 1049208919674508847}
  m_Father: {fileID: 1049208920832503965}
  m_RootOrder: 0
  m_LocalEulerAnglesHint: {x: 0, y: 0, z: 0}
--- !u!1 &1049208920114447328
GameObject:
  m_ObjectHideFlags: 0
  m_CorrespondingSourceObject: {fileID: 0}
  m_PrefabInstance: {fileID: 0}
  m_PrefabAsset: {fileID: 0}
  serializedVersion: 6
  m_Component:
  - component: {fileID: 1049208920114447329}
  m_Layer: 0
  m_Name: Bone.034
  m_TagString: Untagged
  m_Icon: {fileID: 0}
  m_NavMeshLayer: 0
  m_StaticEditorFlags: 0
  m_IsActive: 1
--- !u!4 &1049208920114447329
Transform:
  m_ObjectHideFlags: 0
  m_CorrespondingSourceObject: {fileID: 0}
  m_PrefabInstance: {fileID: 0}
  m_PrefabAsset: {fileID: 0}
  m_GameObject: {fileID: 1049208920114447328}
  m_LocalRotation: {x: -0.033705097, y: 0.6109136, z: -0.23354371, w: 0.7557155}
  m_LocalPosition: {x: -4.0046869e-10, y: 0.0053822547, z: 8.9406965e-10}
  m_LocalScale: {x: 1, y: 1, z: 1}
  m_ConstrainProportionsScale: 0
  m_Children:
  - {fileID: 1049208919821240986}
  m_Father: {fileID: 1049208919500004858}
  m_RootOrder: 0
  m_LocalEulerAnglesHint: {x: 0, y: 0, z: 0}
--- !u!1 &1049208920124900868
GameObject:
  m_ObjectHideFlags: 0
  m_CorrespondingSourceObject: {fileID: 0}
  m_PrefabInstance: {fileID: 0}
  m_PrefabAsset: {fileID: 0}
  serializedVersion: 6
  m_Component:
  - component: {fileID: 1049208920124900869}
  m_Layer: 0
  m_Name: Bone.025_end
  m_TagString: Untagged
  m_Icon: {fileID: 0}
  m_NavMeshLayer: 0
  m_StaticEditorFlags: 0
  m_IsActive: 1
--- !u!4 &1049208920124900869
Transform:
  m_ObjectHideFlags: 0
  m_CorrespondingSourceObject: {fileID: 0}
  m_PrefabInstance: {fileID: 0}
  m_PrefabAsset: {fileID: 0}
  m_GameObject: {fileID: 1049208920124900868}
  m_LocalRotation: {x: 0, y: -0, z: -0, w: 1}
  m_LocalPosition: {x: -0, y: 0.006186609, z: 0}
  m_LocalScale: {x: 1, y: 1, z: 1}
  m_ConstrainProportionsScale: 0
  m_Children: []
  m_Father: {fileID: 1049208919459937660}
  m_RootOrder: 0
  m_LocalEulerAnglesHint: {x: 0, y: 0, z: 0}
--- !u!1 &1049208920153761165
GameObject:
  m_ObjectHideFlags: 0
  m_CorrespondingSourceObject: {fileID: 0}
  m_PrefabInstance: {fileID: 0}
  m_PrefabAsset: {fileID: 0}
  serializedVersion: 6
  m_Component:
  - component: {fileID: 1049208920153761166}
  m_Layer: 0
  m_Name: Bone.012
  m_TagString: Untagged
  m_Icon: {fileID: 0}
  m_NavMeshLayer: 0
  m_StaticEditorFlags: 0
  m_IsActive: 1
--- !u!4 &1049208920153761166
Transform:
  m_ObjectHideFlags: 0
  m_CorrespondingSourceObject: {fileID: 0}
  m_PrefabInstance: {fileID: 0}
  m_PrefabAsset: {fileID: 0}
  m_GameObject: {fileID: 1049208920153761165}
  m_LocalRotation: {x: 0.19687665, y: 0.1725538, z: -0.02205534, w: 0.96487224}
  m_LocalPosition: {x: 2.0256095e-10, y: 0.007905217, z: 0.0000000034086405}
  m_LocalScale: {x: 0.99999994, y: 1, z: 1}
  m_ConstrainProportionsScale: 0
  m_Children:
  - {fileID: 1049208920493880043}
  m_Father: {fileID: 1049208919485626906}
  m_RootOrder: 0
  m_LocalEulerAnglesHint: {x: 0, y: 0, z: 0}
--- !u!1 &1049208920334506117
GameObject:
  m_ObjectHideFlags: 0
  m_CorrespondingSourceObject: {fileID: 0}
  m_PrefabInstance: {fileID: 0}
  m_PrefabAsset: {fileID: 0}
  serializedVersion: 6
  m_Component:
  - component: {fileID: 1049208920334506118}
  m_Layer: 0
  m_Name: Bone.014
  m_TagString: Untagged
  m_Icon: {fileID: 0}
  m_NavMeshLayer: 0
  m_StaticEditorFlags: 0
  m_IsActive: 1
--- !u!4 &1049208920334506118
Transform:
  m_ObjectHideFlags: 0
  m_CorrespondingSourceObject: {fileID: 0}
  m_PrefabInstance: {fileID: 0}
  m_PrefabAsset: {fileID: 0}
  m_GameObject: {fileID: 1049208920334506117}
  m_LocalRotation: {x: 0.031426992, y: -0.6197284, z: -0.01167412, w: 0.7841}
  m_LocalPosition: {x: -0.0000000013038516, y: 0.010738928, z: -2.9802322e-10}
  m_LocalScale: {x: 0.9999998, y: 0.9999997, z: 0.9999998}
  m_ConstrainProportionsScale: 0
  m_Children:
  - {fileID: 1049208921062708957}
  m_Father: {fileID: 1049208920746014677}
  m_RootOrder: 0
  m_LocalEulerAnglesHint: {x: 0, y: 0, z: 0}
--- !u!1 &1049208920414967984
GameObject:
  m_ObjectHideFlags: 0
  m_CorrespondingSourceObject: {fileID: 0}
  m_PrefabInstance: {fileID: 0}
  m_PrefabAsset: {fileID: 0}
  serializedVersion: 6
  m_Component:
  - component: {fileID: 1049208920414967985}
  m_Layer: 0
  m_Name: Bone
  m_TagString: Untagged
  m_Icon: {fileID: 0}
  m_NavMeshLayer: 0
  m_StaticEditorFlags: 0
  m_IsActive: 1
--- !u!4 &1049208920414967985
Transform:
  m_ObjectHideFlags: 0
  m_CorrespondingSourceObject: {fileID: 0}
  m_PrefabInstance: {fileID: 0}
  m_PrefabAsset: {fileID: 0}
  m_GameObject: {fileID: 1049208920414967984}
  m_LocalRotation: {x: 0.7071068, y: 0, z: 0, w: 0.7071067}
  m_LocalPosition: {x: -0, y: -0.03779968, z: 0}
  m_LocalScale: {x: 1, y: 1, z: 1}
  m_ConstrainProportionsScale: 0
  m_Children:
  - {fileID: 1049208919447412469}
  - {fileID: 1049208919370515018}
  - {fileID: 1049208920746014677}
  - {fileID: 1049208919569825354}
  - {fileID: 1049208919707678185}
  - {fileID: 1049208919369877898}
  - {fileID: 1049208921292499787}
  m_Father: {fileID: 1049208920838322430}
  m_RootOrder: 0
  m_LocalEulerAnglesHint: {x: 0, y: 0, z: 0}
--- !u!1 &1049208920475317336
GameObject:
  m_ObjectHideFlags: 0
  m_CorrespondingSourceObject: {fileID: 0}
  m_PrefabInstance: {fileID: 0}
  m_PrefabAsset: {fileID: 0}
  serializedVersion: 6
  m_Component:
  - component: {fileID: 1049208920475317337}
  m_Layer: 0
  m_Name: Bone.030
  m_TagString: Untagged
  m_Icon: {fileID: 0}
  m_NavMeshLayer: 0
  m_StaticEditorFlags: 0
  m_IsActive: 1
--- !u!4 &1049208920475317337
Transform:
  m_ObjectHideFlags: 0
  m_CorrespondingSourceObject: {fileID: 0}
  m_PrefabInstance: {fileID: 0}
  m_PrefabAsset: {fileID: 0}
  m_GameObject: {fileID: 1049208920475317336}
  m_LocalRotation: {x: -0.04659122, y: -0.5158063, z: -0.075965926, w: 0.8520577}
  m_LocalPosition: {x: -0.0000000010430813, y: 0.009553979, z: 0.0000000019744038}
  m_LocalScale: {x: 1, y: 1, z: 0.9999999}
  m_ConstrainProportionsScale: 0
  m_Children:
  - {fileID: 1049208919998414704}
  m_Father: {fileID: 1049208919369877898}
  m_RootOrder: 0
  m_LocalEulerAnglesHint: {x: 0, y: 0, z: 0}
--- !u!1 &1049208920477227850
GameObject:
  m_ObjectHideFlags: 0
  m_CorrespondingSourceObject: {fileID: 0}
  m_PrefabInstance: {fileID: 0}
  m_PrefabAsset: {fileID: 0}
  serializedVersion: 6
  m_Component:
  - component: {fileID: 1049208920477227851}
  - component: {fileID: 1049208920477227860}
  m_Layer: 0
  m_Name: Cube
  m_TagString: Untagged
  m_Icon: {fileID: 0}
  m_NavMeshLayer: 0
  m_StaticEditorFlags: 0
  m_IsActive: 1
--- !u!4 &1049208920477227851
Transform:
  m_ObjectHideFlags: 0
  m_CorrespondingSourceObject: {fileID: 0}
  m_PrefabInstance: {fileID: 0}
  m_PrefabAsset: {fileID: 0}
  m_GameObject: {fileID: 1049208920477227850}
  m_LocalRotation: {x: 0, y: 0, z: 0, w: 1}
  m_LocalPosition: {x: 0, y: 0, z: 0}
  m_LocalScale: {x: 1, y: 1, z: 1}
  m_ConstrainProportionsScale: 0
  m_Children: []
  m_Father: {fileID: 1049208920610109097}
  m_RootOrder: 3
  m_LocalEulerAnglesHint: {x: 0, y: 0, z: 0}
--- !u!137 &1049208920477227860
SkinnedMeshRenderer:
  m_ObjectHideFlags: 0
  m_CorrespondingSourceObject: {fileID: 0}
  m_PrefabInstance: {fileID: 0}
  m_PrefabAsset: {fileID: 0}
  m_GameObject: {fileID: 1049208920477227850}
  m_Enabled: 1
  m_CastShadows: 1
  m_ReceiveShadows: 1
  m_DynamicOccludee: 1
  m_StaticShadowCaster: 0
  m_MotionVectors: 1
  m_LightProbeUsage: 1
  m_ReflectionProbeUsage: 1
  m_RayTracingMode: 3
  m_RayTraceProcedural: 0
  m_RenderingLayerMask: 1
  m_RendererPriority: 0
  m_Materials:
  - {fileID: 2100000, guid: e47c478e00eea944b9199290dc4ce00b, type: 2}
  - {fileID: 2100000, guid: b2a124307d0bc2a4f8e185b13e04020e, type: 2}
  - {fileID: 2100000, guid: 9f8b60f9789a9414cbea2fd53b24affe, type: 2}
  m_StaticBatchInfo:
    firstSubMesh: 0
    subMeshCount: 0
  m_StaticBatchRoot: {fileID: 0}
  m_ProbeAnchor: {fileID: 0}
  m_LightProbeVolumeOverride: {fileID: 0}
  m_ScaleInLightmap: 1
  m_ReceiveGI: 1
  m_PreserveUVs: 0
  m_IgnoreNormalsForChartDetection: 0
  m_ImportantGI: 0
  m_StitchLightmapSeams: 1
  m_SelectedEditorRenderState: 3
  m_MinimumChartSize: 4
  m_AutoUVMaxDistance: 0.5
  m_AutoUVMaxAngle: 89
  m_LightmapParameters: {fileID: 0}
  m_SortingLayerID: 0
  m_SortingLayer: 0
  m_SortingOrder: 0
  serializedVersion: 2
  m_Quality: 0
  m_UpdateWhenOffscreen: 0
  m_SkinnedMotionVectors: 1
  m_Mesh: {fileID: -5495902117074765545, guid: 798de9c940a0ff449a28e4f045cfa172, type: 3}
  m_Bones:
  - {fileID: 1049208920414967985}
  - {fileID: 1049208919447412469}
  - {fileID: 1049208919887506519}
  - {fileID: 1049208919370515018}
  - {fileID: 1049208921404242736}
  - {fileID: 1049208920930098382}
  - {fileID: 1049208920832503965}
  - {fileID: 1049208920020771196}
  - {fileID: 1049208919674508847}
  - {fileID: 1049208921308708730}
  - {fileID: 1049208919485626906}
  - {fileID: 1049208920153761166}
  - {fileID: 1049208920493880043}
  - {fileID: 1049208920746014677}
  - {fileID: 1049208920334506118}
  - {fileID: 1049208921062708957}
  - {fileID: 1049208921122124447}
  - {fileID: 1049208921212801150}
  - {fileID: 1049208919955502401}
  - {fileID: 1049208921336188281}
  - {fileID: 1049208920985094410}
  - {fileID: 1049208920613189141}
  - {fileID: 1049208920551805618}
  - {fileID: 1049208919569825354}
  - {fileID: 1049208920970062301}
  - {fileID: 1049208919459937660}
  - {fileID: 1049208919707678185}
  - {fileID: 1049208919628849508}
  - {fileID: 1049208921394071143}
  - {fileID: 1049208919369877898}
  - {fileID: 1049208920475317337}
  - {fileID: 1049208919998414704}
  - {fileID: 1049208921292499787}
  - {fileID: 1049208919500004858}
  - {fileID: 1049208920114447329}
  m_BlendShapeWeights: []
  m_RootBone: {fileID: 1049208920414967985}
  m_AABB:
    m_Center: {x: 0.0018919911, y: 0.03046044, z: -0.0011704117}
    m_Extent: {x: 0.028304536, y: 0.049193762, z: 0.06958151}
  m_DirtyAABB: 0
--- !u!1 &1049208920493880042
GameObject:
  m_ObjectHideFlags: 0
  m_CorrespondingSourceObject: {fileID: 0}
  m_PrefabInstance: {fileID: 0}
  m_PrefabAsset: {fileID: 0}
  serializedVersion: 6
  m_Component:
  - component: {fileID: 1049208920493880043}
  m_Layer: 0
  m_Name: Bone.013
  m_TagString: Untagged
  m_Icon: {fileID: 0}
  m_NavMeshLayer: 0
  m_StaticEditorFlags: 0
  m_IsActive: 1
--- !u!4 &1049208920493880043
Transform:
  m_ObjectHideFlags: 0
  m_CorrespondingSourceObject: {fileID: 0}
  m_PrefabInstance: {fileID: 0}
  m_PrefabAsset: {fileID: 0}
  m_GameObject: {fileID: 1049208920493880042}
  m_LocalRotation: {x: -0.08957123, y: 0.9020122, z: 0.035604555, w: -0.4208126}
  m_LocalPosition: {x: 0.0000000019185245, y: 0.011349131, z: 1.862645e-10}
  m_LocalScale: {x: 0.9999999, y: 1, z: 0.9999999}
  m_ConstrainProportionsScale: 0
  m_Children:
  - {fileID: 1049208921148462106}
  m_Father: {fileID: 1049208920153761166}
  m_RootOrder: 0
  m_LocalEulerAnglesHint: {x: 0, y: 0, z: 0}
--- !u!1 &1049208920551805617
GameObject:
  m_ObjectHideFlags: 0
  m_CorrespondingSourceObject: {fileID: 0}
  m_PrefabInstance: {fileID: 0}
  m_PrefabAsset: {fileID: 0}
  serializedVersion: 6
  m_Component:
  - component: {fileID: 1049208920551805618}
  m_Layer: 0
  m_Name: Bone.022
  m_TagString: Untagged
  m_Icon: {fileID: 0}
  m_NavMeshLayer: 0
  m_StaticEditorFlags: 0
  m_IsActive: 1
--- !u!4 &1049208920551805618
Transform:
  m_ObjectHideFlags: 0
  m_CorrespondingSourceObject: {fileID: 0}
  m_PrefabInstance: {fileID: 0}
  m_PrefabAsset: {fileID: 0}
  m_GameObject: {fileID: 1049208920551805617}
  m_LocalRotation: {x: 0.054625504, y: -0.83268523, z: -0.2057504, w: 0.51119286}
  m_LocalPosition: {x: 0.0000000026705425, y: 0.014241091, z: 0.000000004582107}
  m_LocalScale: {x: 1, y: 1, z: 0.99999994}
  m_ConstrainProportionsScale: 0
  m_Children:
  - {fileID: 1049208919540732648}
  m_Father: {fileID: 1049208920613189141}
  m_RootOrder: 0
  m_LocalEulerAnglesHint: {x: 0, y: 0, z: 0}
--- !u!1 &1049208920610109101
GameObject:
  m_ObjectHideFlags: 0
  m_CorrespondingSourceObject: {fileID: 0}
  m_PrefabInstance: {fileID: 0}
  m_PrefabAsset: {fileID: 0}
  serializedVersion: 6
  m_Component:
  - component: {fileID: 1049208920610109097}
  - component: {fileID: 1049208920610109096}
  - component: {fileID: 1049208920610109103}
  - component: {fileID: 1049208920610109102}
  m_Layer: 0
  m_Name: Player
  m_TagString: Player
  m_Icon: {fileID: 0}
  m_NavMeshLayer: 0
  m_StaticEditorFlags: 0
  m_IsActive: 1
--- !u!4 &1049208920610109097
Transform:
  m_ObjectHideFlags: 0
  m_CorrespondingSourceObject: {fileID: 0}
  m_PrefabInstance: {fileID: 0}
  m_PrefabAsset: {fileID: 0}
  m_GameObject: {fileID: 1049208920610109101}
  m_LocalRotation: {x: 0, y: 0, z: 0, w: 1}
  m_LocalPosition: {x: 8.28, y: 2.44, z: -0.68}
  m_LocalScale: {x: 0.2, y: 0.2, z: 0.2}
  m_ConstrainProportionsScale: 0
  m_Children:
  - {fileID: 1049208919855874150}
  - {fileID: 1049208920838322430}
  - {fileID: 1049208919375688860}
  - {fileID: 1049208920477227851}
  m_Father: {fileID: 0}
  m_RootOrder: 0
  m_LocalEulerAnglesHint: {x: 0, y: 0, z: 0}
--- !u!95 &1049208920610109096
Animator:
  serializedVersion: 4
  m_ObjectHideFlags: 0
  m_CorrespondingSourceObject: {fileID: 0}
  m_PrefabInstance: {fileID: 0}
  m_PrefabAsset: {fileID: 0}
  m_GameObject: {fileID: 1049208920610109101}
  m_Enabled: 1
  m_Avatar: {fileID: 9000000, guid: 798de9c940a0ff449a28e4f045cfa172, type: 3}
  m_Controller: {fileID: 9100000, guid: 6a8acc4f6d25ebc43881c581e54270a8, type: 2}
  m_CullingMode: 1
  m_UpdateMode: 0
  m_ApplyRootMotion: 1
  m_LinearVelocityBlending: 0
  m_StabilizeFeet: 0
  m_WarningMessage: 
  m_HasTransformHierarchy: 1
  m_AllowConstantClipSamplingOptimization: 1
  m_KeepAnimatorControllerStateOnDisable: 0
--- !u!143 &1049208920610109103
CharacterController:
  m_ObjectHideFlags: 0
  m_CorrespondingSourceObject: {fileID: 0}
  m_PrefabInstance: {fileID: 0}
  m_PrefabAsset: {fileID: 0}
  m_GameObject: {fileID: 1049208920610109101}
  m_Material: {fileID: 0}
  m_IsTrigger: 0
  m_Enabled: 1
  serializedVersion: 2
  m_Height: 0.5
  m_Radius: 3
  m_SlopeLimit: 45
  m_StepOffset: 0.3
  m_SkinWidth: 0.08
  m_MinMoveDistance: 0.001
  m_Center: {x: 0, y: 1.5, z: 0}
--- !u!114 &1049208920610109102
MonoBehaviour:
  m_ObjectHideFlags: 0
  m_CorrespondingSourceObject: {fileID: 0}
  m_PrefabInstance: {fileID: 0}
  m_PrefabAsset: {fileID: 0}
  m_GameObject: {fileID: 1049208920610109101}
  m_Enabled: 1
  m_EditorHideFlags: 0
  m_Script: {fileID: 11500000, guid: 62083dbf95e660540aa3d09a1da23e70, type: 3}
  m_Name: 
  m_EditorClassIdentifier: 
  MovementSpeed: 5
  massLimit: 10
  Gravity: -9.8
  MainCamera: {fileID: 0}
  Health: 100
  IsDed: 0
  JumpHeight: 3
  JumpBufferLenght: 0.2
  HangTimeLenght: 0.2
  GroundMask:
    serializedVersion: 2
    m_Bits: 64
  IsGround: 0
  GroundCheckerOffset: {x: 0, y: 0.1, z: 0}
  GroundCheckerRadius: 1
  GrabAreaRadius: 1
  GrabAreaArcAngle: 90
  garbageMask:
    serializedVersion: 2
    m_Bits: 128
  guageFillRate: 1
  maxThrowForce: 75
  powGuage: {fileID: 0}
--- !u!1 &1049208920613189140
GameObject:
  m_ObjectHideFlags: 0
  m_CorrespondingSourceObject: {fileID: 0}
  m_PrefabInstance: {fileID: 0}
  m_PrefabAsset: {fileID: 0}
  serializedVersion: 6
  m_Component:
  - component: {fileID: 1049208920613189141}
  m_Layer: 0
  m_Name: Bone.021
  m_TagString: Untagged
  m_Icon: {fileID: 0}
  m_NavMeshLayer: 0
  m_StaticEditorFlags: 0
  m_IsActive: 1
--- !u!4 &1049208920613189141
Transform:
  m_ObjectHideFlags: 0
  m_CorrespondingSourceObject: {fileID: 0}
  m_PrefabInstance: {fileID: 0}
  m_PrefabAsset: {fileID: 0}
  m_GameObject: {fileID: 1049208920613189140}
  m_LocalRotation: {x: 0.30255255, y: -0.3127052, z: -0.15973994, w: 0.88609284}
  m_LocalPosition: {x: -0.000000001243434, y: 0.011311079, z: 0.000000010253862}
  m_LocalScale: {x: 1, y: 1.0000001, z: 0.99999994}
  m_ConstrainProportionsScale: 0
  m_Children:
  - {fileID: 1049208920551805618}
  m_Father: {fileID: 1049208920985094410}
  m_RootOrder: 0
  m_LocalEulerAnglesHint: {x: 0, y: 0, z: 0}
--- !u!1 &1049208920650148217
GameObject:
  m_ObjectHideFlags: 0
  m_CorrespondingSourceObject: {fileID: 0}
  m_PrefabInstance: {fileID: 0}
  m_PrefabAsset: {fileID: 0}
  serializedVersion: 6
  m_Component:
  - component: {fileID: 1049208920650148218}
  m_Layer: 0
  m_Name: Bone.019_end
  m_TagString: Untagged
  m_Icon: {fileID: 0}
  m_NavMeshLayer: 0
  m_StaticEditorFlags: 0
  m_IsActive: 1
--- !u!4 &1049208920650148218
Transform:
  m_ObjectHideFlags: 0
  m_CorrespondingSourceObject: {fileID: 0}
  m_PrefabInstance: {fileID: 0}
  m_PrefabAsset: {fileID: 0}
  m_GameObject: {fileID: 1049208920650148217}
  m_LocalRotation: {x: 0, y: -0, z: -0, w: 1}
  m_LocalPosition: {x: -0, y: 0.010060064, z: 0}
  m_LocalScale: {x: 1, y: 1, z: 1}
  m_ConstrainProportionsScale: 0
  m_Children: []
  m_Father: {fileID: 1049208921336188281}
  m_RootOrder: 0
  m_LocalEulerAnglesHint: {x: 0, y: 0, z: 0}
--- !u!1 &1049208920746014676
GameObject:
  m_ObjectHideFlags: 0
  m_CorrespondingSourceObject: {fileID: 0}
  m_PrefabInstance: {fileID: 0}
  m_PrefabAsset: {fileID: 0}
  serializedVersion: 6
  m_Component:
  - component: {fileID: 1049208920746014677}
  m_Layer: 0
  m_Name: Bone.007
  m_TagString: Untagged
  m_Icon: {fileID: 0}
  m_NavMeshLayer: 0
  m_StaticEditorFlags: 0
  m_IsActive: 1
--- !u!4 &1049208920746014677
Transform:
  m_ObjectHideFlags: 0
  m_CorrespondingSourceObject: {fileID: 0}
  m_PrefabInstance: {fileID: 0}
  m_PrefabAsset: {fileID: 0}
  m_GameObject: {fileID: 1049208920746014676}
  m_LocalRotation: {x: -0.4198517, y: 0.54818296, z: 0.5506949, w: -0.4689938}
  m_LocalPosition: {x: 0.00049629284, y: 0.012569184, z: 0.016861599}
  m_LocalScale: {x: 0.9999999, y: 0.99999994, z: 0.99999994}
  m_ConstrainProportionsScale: 0
  m_Children:
  - {fileID: 1049208920334506118}
  m_Father: {fileID: 1049208920414967985}
  m_RootOrder: 2
  m_LocalEulerAnglesHint: {x: 0, y: 0, z: 0}
--- !u!1 &1049208920832503964
GameObject:
  m_ObjectHideFlags: 0
  m_CorrespondingSourceObject: {fileID: 0}
  m_PrefabInstance: {fileID: 0}
  m_PrefabAsset: {fileID: 0}
  serializedVersion: 6
  m_Component:
  - component: {fileID: 1049208920832503965}
  m_Layer: 0
  m_Name: Bone.006
  m_TagString: Untagged
  m_Icon: {fileID: 0}
  m_NavMeshLayer: 0
  m_StaticEditorFlags: 0
  m_IsActive: 1
--- !u!4 &1049208920832503965
Transform:
  m_ObjectHideFlags: 0
  m_CorrespondingSourceObject: {fileID: 0}
  m_PrefabInstance: {fileID: 0}
  m_PrefabAsset: {fileID: 0}
  m_GameObject: {fileID: 1049208920832503964}
  m_LocalRotation: {x: 0.12381358, y: -0.08197149, z: -0.11002271, w: 0.9827746}
  m_LocalPosition: {x: 3.7252902e-11, y: 0.009905984, z: 7.45058e-10}
  m_LocalScale: {x: 0.99999994, y: 0.99999994, z: 1}
  m_ConstrainProportionsScale: 0
  m_Children:
  - {fileID: 1049208920020771196}
  - {fileID: 1049208919485626906}
  m_Father: {fileID: 1049208920930098382}
  m_RootOrder: 0
  m_LocalEulerAnglesHint: {x: 0, y: 0, z: 0}
--- !u!1 &1049208920838322429
GameObject:
  m_ObjectHideFlags: 0
  m_CorrespondingSourceObject: {fileID: 0}
  m_PrefabInstance: {fileID: 0}
  m_PrefabAsset: {fileID: 0}
  serializedVersion: 6
  m_Component:
  - component: {fileID: 1049208920838322430}
  m_Layer: 0
  m_Name: Armature
  m_TagString: Untagged
  m_Icon: {fileID: 0}
  m_NavMeshLayer: 0
  m_StaticEditorFlags: 0
  m_IsActive: 1
--- !u!4 &1049208920838322430
Transform:
  m_ObjectHideFlags: 0
  m_CorrespondingSourceObject: {fileID: 0}
  m_PrefabInstance: {fileID: 0}
  m_PrefabAsset: {fileID: 0}
  m_GameObject: {fileID: 1049208920838322429}
  m_LocalRotation: {x: -0.7071068, y: 0, z: 0, w: 0.7071068}
  m_LocalPosition: {x: -0.46, y: -0.68, z: -2.5}
  m_LocalScale: {x: 70, y: 70, z: 70}
  m_ConstrainProportionsScale: 0
  m_Children:
  - {fileID: 1049208920414967985}
  m_Father: {fileID: 1049208920610109097}
  m_RootOrder: 1
  m_LocalEulerAnglesHint: {x: -90, y: 0, z: 0}
--- !u!1 &1049208920921448196
GameObject:
  m_ObjectHideFlags: 0
  m_CorrespondingSourceObject: {fileID: 0}
  m_PrefabInstance: {fileID: 0}
  m_PrefabAsset: {fileID: 0}
  serializedVersion: 6
  m_Component:
  - component: {fileID: 1049208920921448197}
  m_Layer: 0
  m_Name: Bone.028_end
  m_TagString: Untagged
  m_Icon: {fileID: 0}
  m_NavMeshLayer: 0
  m_StaticEditorFlags: 0
  m_IsActive: 1
--- !u!4 &1049208920921448197
Transform:
  m_ObjectHideFlags: 0
  m_CorrespondingSourceObject: {fileID: 0}
  m_PrefabInstance: {fileID: 0}
  m_PrefabAsset: {fileID: 0}
  m_GameObject: {fileID: 1049208920921448196}
  m_LocalRotation: {x: 0, y: -0, z: -0, w: 1}
  m_LocalPosition: {x: -0, y: 0.00679393, z: 0}
  m_LocalScale: {x: 1, y: 1, z: 1}
  m_ConstrainProportionsScale: 0
  m_Children: []
  m_Father: {fileID: 1049208921394071143}
  m_RootOrder: 0
  m_LocalEulerAnglesHint: {x: 0, y: 0, z: 0}
--- !u!1 &1049208920930098381
GameObject:
  m_ObjectHideFlags: 0
  m_CorrespondingSourceObject: {fileID: 0}
  m_PrefabInstance: {fileID: 0}
  m_PrefabAsset: {fileID: 0}
  serializedVersion: 6
  m_Component:
  - component: {fileID: 1049208920930098382}
  m_Layer: 0
  m_Name: Bone.005
  m_TagString: Untagged
  m_Icon: {fileID: 0}
  m_NavMeshLayer: 0
  m_StaticEditorFlags: 0
  m_IsActive: 1
--- !u!4 &1049208920930098382
Transform:
  m_ObjectHideFlags: 0
  m_CorrespondingSourceObject: {fileID: 0}
  m_PrefabInstance: {fileID: 0}
  m_PrefabAsset: {fileID: 0}
  m_GameObject: {fileID: 1049208920930098381}
  m_LocalRotation: {x: 0.4389758, y: -0.16507399, z: -0.08919884, w: 0.878689}
  m_LocalPosition: {x: 1.3154931e-10, y: 0.010807192, z: -7.888957e-11}
  m_LocalScale: {x: 0.99999994, y: 0.9999999, z: 0.99999994}
  m_ConstrainProportionsScale: 0
  m_Children:
  - {fileID: 1049208920832503965}
  m_Father: {fileID: 1049208921404242736}
  m_RootOrder: 0
  m_LocalEulerAnglesHint: {x: 0, y: 0, z: 0}
--- !u!1 &1049208920970062300
GameObject:
  m_ObjectHideFlags: 0
  m_CorrespondingSourceObject: {fileID: 0}
  m_PrefabInstance: {fileID: 0}
  m_PrefabAsset: {fileID: 0}
  serializedVersion: 6
  m_Component:
  - component: {fileID: 1049208920970062301}
  m_Layer: 0
  m_Name: Bone.024
  m_TagString: Untagged
  m_Icon: {fileID: 0}
  m_NavMeshLayer: 0
  m_StaticEditorFlags: 0
  m_IsActive: 1
--- !u!4 &1049208920970062301
Transform:
  m_ObjectHideFlags: 0
  m_CorrespondingSourceObject: {fileID: 0}
  m_PrefabInstance: {fileID: 0}
  m_PrefabAsset: {fileID: 0}
  m_GameObject: {fileID: 1049208920970062300}
  m_LocalRotation: {x: -0.08597138, y: 0.86640424, z: 0.104223154, w: -0.48071837}
  m_LocalPosition: {x: 5.5879353e-11, y: 0.010550104, z: -2.9802322e-10}
  m_LocalScale: {x: 1, y: 0.99999964, z: 1}
  m_ConstrainProportionsScale: 0
  m_Children:
  - {fileID: 1049208919459937660}
  m_Father: {fileID: 1049208919569825354}
  m_RootOrder: 0
  m_LocalEulerAnglesHint: {x: 0, y: 0, z: 0}
--- !u!1 &1049208920985094409
GameObject:
  m_ObjectHideFlags: 0
  m_CorrespondingSourceObject: {fileID: 0}
  m_PrefabInstance: {fileID: 0}
  m_PrefabAsset: {fileID: 0}
  serializedVersion: 6
  m_Component:
  - component: {fileID: 1049208920985094410}
  m_Layer: 0
  m_Name: Bone.020
  m_TagString: Untagged
  m_Icon: {fileID: 0}
  m_NavMeshLayer: 0
  m_StaticEditorFlags: 0
  m_IsActive: 1
--- !u!4 &1049208920985094410
Transform:
  m_ObjectHideFlags: 0
  m_CorrespondingSourceObject: {fileID: 0}
  m_PrefabInstance: {fileID: 0}
  m_PrefabAsset: {fileID: 0}
  m_GameObject: {fileID: 1049208920985094409}
  m_LocalRotation: {x: 0.05502937, y: 0.85502887, z: 0.5052973, w: -0.10282062}
  m_LocalPosition: {x: 9.685754e-10, y: 0.013994083, z: 0.000000006407499}
  m_LocalScale: {x: 0.9999999, y: 0.99999976, z: 0.9999999}
  m_ConstrainProportionsScale: 0
  m_Children:
  - {fileID: 1049208920613189141}
  m_Father: {fileID: 1049208921122124447}
  m_RootOrder: 1
  m_LocalEulerAnglesHint: {x: 0, y: 0, z: 0}
--- !u!1 &1049208920999880499
GameObject:
  m_ObjectHideFlags: 0
  m_CorrespondingSourceObject: {fileID: 0}
  m_PrefabInstance: {fileID: 0}
  m_PrefabAsset: {fileID: 0}
  serializedVersion: 6
  m_Component:
  - component: {fileID: 1049208920999880508}
  m_Layer: 0
  m_Name: Bone.010_end
  m_TagString: Untagged
  m_Icon: {fileID: 0}
  m_NavMeshLayer: 0
  m_StaticEditorFlags: 0
  m_IsActive: 1
--- !u!4 &1049208920999880508
Transform:
  m_ObjectHideFlags: 0
  m_CorrespondingSourceObject: {fileID: 0}
  m_PrefabInstance: {fileID: 0}
  m_PrefabAsset: {fileID: 0}
  m_GameObject: {fileID: 1049208920999880499}
  m_LocalRotation: {x: 0, y: -0, z: -0, w: 1}
  m_LocalPosition: {x: -0, y: 0.017450873, z: 0}
  m_LocalScale: {x: 1, y: 1, z: 1}
  m_ConstrainProportionsScale: 0
  m_Children: []
  m_Father: {fileID: 1049208921308708730}
  m_RootOrder: 0
  m_LocalEulerAnglesHint: {x: 0, y: 0, z: 0}
--- !u!1 &1049208921062708956
GameObject:
  m_ObjectHideFlags: 0
  m_CorrespondingSourceObject: {fileID: 0}
  m_PrefabInstance: {fileID: 0}
  m_PrefabAsset: {fileID: 0}
  serializedVersion: 6
  m_Component:
  - component: {fileID: 1049208921062708957}
  m_Layer: 0
  m_Name: Bone.015
  m_TagString: Untagged
  m_Icon: {fileID: 0}
  m_NavMeshLayer: 0
  m_StaticEditorFlags: 0
  m_IsActive: 1
--- !u!4 &1049208921062708957
Transform:
  m_ObjectHideFlags: 0
  m_CorrespondingSourceObject: {fileID: 0}
  m_PrefabInstance: {fileID: 0}
  m_PrefabAsset: {fileID: 0}
  m_GameObject: {fileID: 1049208921062708956}
  m_LocalRotation: {x: 0.40751675, y: 0.08282065, z: 0.025258126, w: 0.90908355}
  m_LocalPosition: {x: -5.937181e-11, y: 0.010711919, z: -9.755604e-10}
  m_LocalScale: {x: 1, y: 0.9999999, z: 0.99999994}
  m_ConstrainProportionsScale: 0
  m_Children:
  - {fileID: 1049208921122124447}
  m_Father: {fileID: 1049208920334506118}
  m_RootOrder: 0
  m_LocalEulerAnglesHint: {x: 0, y: 0, z: 0}
--- !u!1 &1049208921122124446
GameObject:
  m_ObjectHideFlags: 0
  m_CorrespondingSourceObject: {fileID: 0}
  m_PrefabInstance: {fileID: 0}
  m_PrefabAsset: {fileID: 0}
  serializedVersion: 6
  m_Component:
  - component: {fileID: 1049208921122124447}
  m_Layer: 0
  m_Name: Bone.016
  m_TagString: Untagged
  m_Icon: {fileID: 0}
  m_NavMeshLayer: 0
  m_StaticEditorFlags: 0
  m_IsActive: 1
--- !u!4 &1049208921122124447
Transform:
  m_ObjectHideFlags: 0
  m_CorrespondingSourceObject: {fileID: 0}
  m_PrefabInstance: {fileID: 0}
  m_PrefabAsset: {fileID: 0}
  m_GameObject: {fileID: 1049208921122124446}
  m_LocalRotation: {x: 0.1930002, y: -0.13676801, z: 0.042613108, w: 0.9706851}
  m_LocalPosition: {x: 8.1956386e-10, y: 0.012554761, z: 0.000000006817281}
  m_LocalScale: {x: 0.99999994, y: 1, z: 0.99999994}
  m_ConstrainProportionsScale: 0
  m_Children:
  - {fileID: 1049208921212801150}
  - {fileID: 1049208920985094410}
  m_Father: {fileID: 1049208921062708957}
  m_RootOrder: 0
  m_LocalEulerAnglesHint: {x: 0, y: 0, z: 0}
--- !u!1 &1049208921148462105
GameObject:
  m_ObjectHideFlags: 0
  m_CorrespondingSourceObject: {fileID: 0}
  m_PrefabInstance: {fileID: 0}
  m_PrefabAsset: {fileID: 0}
  serializedVersion: 6
  m_Component:
  - component: {fileID: 1049208921148462106}
  m_Layer: 0
  m_Name: Bone.013_end
  m_TagString: Untagged
  m_Icon: {fileID: 0}
  m_NavMeshLayer: 0
  m_StaticEditorFlags: 0
  m_IsActive: 1
--- !u!4 &1049208921148462106
Transform:
  m_ObjectHideFlags: 0
  m_CorrespondingSourceObject: {fileID: 0}
  m_PrefabInstance: {fileID: 0}
  m_PrefabAsset: {fileID: 0}
  m_GameObject: {fileID: 1049208921148462105}
  m_LocalRotation: {x: 0, y: -0, z: -0, w: 1}
  m_LocalPosition: {x: -0, y: 0.011502395, z: 0}
  m_LocalScale: {x: 1, y: 1, z: 1}
  m_ConstrainProportionsScale: 0
  m_Children: []
  m_Father: {fileID: 1049208920493880043}
  m_RootOrder: 0
  m_LocalEulerAnglesHint: {x: 0, y: 0, z: 0}
--- !u!1 &1049208921195372057
GameObject:
  m_ObjectHideFlags: 0
  m_CorrespondingSourceObject: {fileID: 0}
  m_PrefabInstance: {fileID: 0}
  m_PrefabAsset: {fileID: 0}
  serializedVersion: 6
  m_Component:
  - component: {fileID: 1049208921195372058}
  m_Layer: 0
  m_Name: Bone.002_end
  m_TagString: Untagged
  m_Icon: {fileID: 0}
  m_NavMeshLayer: 0
  m_StaticEditorFlags: 0
  m_IsActive: 1
--- !u!4 &1049208921195372058
Transform:
  m_ObjectHideFlags: 0
  m_CorrespondingSourceObject: {fileID: 0}
  m_PrefabInstance: {fileID: 0}
  m_PrefabAsset: {fileID: 0}
  m_GameObject: {fileID: 1049208921195372057}
  m_LocalRotation: {x: 0, y: -0, z: -0, w: 1}
  m_LocalPosition: {x: -0, y: 0.016851489, z: 0}
  m_LocalScale: {x: 1, y: 1, z: 1}
  m_ConstrainProportionsScale: 0
  m_Children: []
  m_Father: {fileID: 1049208919887506519}
  m_RootOrder: 0
  m_LocalEulerAnglesHint: {x: 0, y: 0, z: 0}
--- !u!1 &1049208921212801149
GameObject:
  m_ObjectHideFlags: 0
  m_CorrespondingSourceObject: {fileID: 0}
  m_PrefabInstance: {fileID: 0}
  m_PrefabAsset: {fileID: 0}
  serializedVersion: 6
  m_Component:
  - component: {fileID: 1049208921212801150}
  m_Layer: 0
  m_Name: Bone.017
  m_TagString: Untagged
  m_Icon: {fileID: 0}
  m_NavMeshLayer: 0
  m_StaticEditorFlags: 0
  m_IsActive: 1
--- !u!4 &1049208921212801150
Transform:
  m_ObjectHideFlags: 0
  m_CorrespondingSourceObject: {fileID: 0}
  m_PrefabInstance: {fileID: 0}
  m_PrefabAsset: {fileID: 0}
  m_GameObject: {fileID: 1049208921212801149}
  m_LocalRotation: {x: -0.12652001, y: 0.13210243, z: -0.120614655, w: 0.9757017}
  m_LocalPosition: {x: 9.685754e-10, y: 0.013994083, z: 0.000000006407499}
  m_LocalScale: {x: 0.99999994, y: 1, z: 0.99999994}
  m_ConstrainProportionsScale: 0
  m_Children:
  - {fileID: 1049208919955502401}
  m_Father: {fileID: 1049208921122124447}
  m_RootOrder: 0
  m_LocalEulerAnglesHint: {x: 0, y: 0, z: 0}
--- !u!1 &1049208921292499786
GameObject:
  m_ObjectHideFlags: 0
  m_CorrespondingSourceObject: {fileID: 0}
  m_PrefabInstance: {fileID: 0}
  m_PrefabAsset: {fileID: 0}
  serializedVersion: 6
  m_Component:
  - component: {fileID: 1049208921292499787}
  m_Layer: 0
  m_Name: Bone.032
  m_TagString: Untagged
  m_Icon: {fileID: 0}
  m_NavMeshLayer: 0
  m_StaticEditorFlags: 0
  m_IsActive: 1
--- !u!4 &1049208921292499787
Transform:
  m_ObjectHideFlags: 0
  m_CorrespondingSourceObject: {fileID: 0}
  m_PrefabInstance: {fileID: 0}
  m_PrefabAsset: {fileID: 0}
  m_GameObject: {fileID: 1049208921292499786}
  m_LocalRotation: {x: 0.7292033, y: -0.007831989, z: -0.61426723, w: 0.30145812}
  m_LocalPosition: {x: 0.003328765, y: 0.004396714, z: 0.009819167}
  m_LocalScale: {x: 1.0000001, y: 1, z: 1.0000002}
  m_ConstrainProportionsScale: 0
  m_Children:
  - {fileID: 1049208919500004858}
  m_Father: {fileID: 1049208920414967985}
  m_RootOrder: 6
  m_LocalEulerAnglesHint: {x: 0, y: 0, z: 0}
--- !u!1 &1049208921308708729
GameObject:
  m_ObjectHideFlags: 0
  m_CorrespondingSourceObject: {fileID: 0}
  m_PrefabInstance: {fileID: 0}
  m_PrefabAsset: {fileID: 0}
  serializedVersion: 6
  m_Component:
  - component: {fileID: 1049208921308708730}
  m_Layer: 0
  m_Name: Bone.010
  m_TagString: Untagged
  m_Icon: {fileID: 0}
  m_NavMeshLayer: 0
  m_StaticEditorFlags: 0
  m_IsActive: 1
--- !u!4 &1049208921308708730
Transform:
  m_ObjectHideFlags: 0
  m_CorrespondingSourceObject: {fileID: 0}
  m_PrefabInstance: {fileID: 0}
  m_PrefabAsset: {fileID: 0}
  m_GameObject: {fileID: 1049208921308708729}
  m_LocalRotation: {x: -0.08250093, y: 0.7596272, z: 0.23050337, w: 0.6025183}
  m_LocalPosition: {x: -0.000000001117587, y: 0.010759643, z: 0.0000000013038516}
  m_LocalScale: {x: 0.9999999, y: 0.99999994, z: 0.99999994}
  m_ConstrainProportionsScale: 0
  m_Children:
  - {fileID: 1049208920999880508}
  m_Father: {fileID: 1049208919674508847}
  m_RootOrder: 0
  m_LocalEulerAnglesHint: {x: 0, y: 0, z: 0}
--- !u!1 &1049208921336188280
GameObject:
  m_ObjectHideFlags: 0
  m_CorrespondingSourceObject: {fileID: 0}
  m_PrefabInstance: {fileID: 0}
  m_PrefabAsset: {fileID: 0}
  serializedVersion: 6
  m_Component:
  - component: {fileID: 1049208921336188281}
  m_Layer: 0
  m_Name: Bone.019
  m_TagString: Untagged
  m_Icon: {fileID: 0}
  m_NavMeshLayer: 0
  m_StaticEditorFlags: 0
  m_IsActive: 1
--- !u!4 &1049208921336188281
Transform:
  m_ObjectHideFlags: 0
  m_CorrespondingSourceObject: {fileID: 0}
  m_PrefabInstance: {fileID: 0}
  m_PrefabAsset: {fileID: 0}
  m_GameObject: {fileID: 1049208921336188280}
  m_LocalRotation: {x: 0.04840084, y: 0.545883, z: -0.042095102, w: 0.83540237}
  m_LocalPosition: {x: -3.7252902e-11, y: 0.013084171, z: -0.0000000131948035}
  m_LocalScale: {x: 1, y: 0.9999999, z: 1}
  m_ConstrainProportionsScale: 0
  m_Children:
  - {fileID: 1049208920650148218}
  m_Father: {fileID: 1049208919955502401}
  m_RootOrder: 0
  m_LocalEulerAnglesHint: {x: 0, y: 0, z: 0}
--- !u!1 &1049208921379402571
GameObject:
  m_ObjectHideFlags: 0
  m_CorrespondingSourceObject: {fileID: 0}
  m_PrefabInstance: {fileID: 0}
  m_PrefabAsset: {fileID: 0}
  serializedVersion: 6
  m_Component:
  - component: {fileID: 1049208921379402580}
  m_Layer: 0
  m_Name: Bone.031_end
  m_TagString: Untagged
  m_Icon: {fileID: 0}
  m_NavMeshLayer: 0
  m_StaticEditorFlags: 0
  m_IsActive: 1
--- !u!4 &1049208921379402580
Transform:
  m_ObjectHideFlags: 0
  m_CorrespondingSourceObject: {fileID: 0}
  m_PrefabInstance: {fileID: 0}
  m_PrefabAsset: {fileID: 0}
  m_GameObject: {fileID: 1049208921379402571}
  m_LocalRotation: {x: 0, y: -0, z: -0, w: 1}
  m_LocalPosition: {x: -0, y: 0.0068059764, z: 0}
  m_LocalScale: {x: 1, y: 1, z: 1}
  m_ConstrainProportionsScale: 0
  m_Children: []
  m_Father: {fileID: 1049208919998414704}
  m_RootOrder: 0
  m_LocalEulerAnglesHint: {x: 0, y: 0, z: 0}
--- !u!1 &1049208921394071142
GameObject:
  m_ObjectHideFlags: 0
  m_CorrespondingSourceObject: {fileID: 0}
  m_PrefabInstance: {fileID: 0}
  m_PrefabAsset: {fileID: 0}
  serializedVersion: 6
  m_Component:
  - component: {fileID: 1049208921394071143}
  m_Layer: 0
  m_Name: Bone.028
  m_TagString: Untagged
  m_Icon: {fileID: 0}
  m_NavMeshLayer: 0
  m_StaticEditorFlags: 0
  m_IsActive: 1
--- !u!4 &1049208921394071143
Transform:
  m_ObjectHideFlags: 0
  m_CorrespondingSourceObject: {fileID: 0}
  m_PrefabInstance: {fileID: 0}
  m_PrefabAsset: {fileID: 0}
  m_GameObject: {fileID: 1049208921394071142}
  m_LocalRotation: {x: 0.18573691, y: 0.95789456, z: -0.19189477, w: 0.1054333}
  m_LocalPosition: {x: -5.9604643e-10, y: 0.0072309566, z: -0.000000001117587}
  m_LocalScale: {x: 1, y: 1, z: 0.99999994}
  m_ConstrainProportionsScale: 0
  m_Children:
  - {fileID: 1049208920921448197}
  m_Father: {fileID: 1049208919628849508}
  m_RootOrder: 0
  m_LocalEulerAnglesHint: {x: 0, y: 0, z: 0}
--- !u!1 &1049208921404242743
GameObject:
  m_ObjectHideFlags: 0
  m_CorrespondingSourceObject: {fileID: 0}
  m_PrefabInstance: {fileID: 0}
  m_PrefabAsset: {fileID: 0}
  serializedVersion: 6
  m_Component:
  - component: {fileID: 1049208921404242736}
  m_Layer: 0
  m_Name: Bone.004
  m_TagString: Untagged
  m_Icon: {fileID: 0}
  m_NavMeshLayer: 0
  m_StaticEditorFlags: 0
  m_IsActive: 1
--- !u!4 &1049208921404242736
Transform:
  m_ObjectHideFlags: 0
  m_CorrespondingSourceObject: {fileID: 0}
  m_PrefabInstance: {fileID: 0}
  m_PrefabAsset: {fileID: 0}
  m_GameObject: {fileID: 1049208921404242743}
  m_LocalRotation: {x: 0.05092428, y: 0.6966914, z: 0.04123121, w: 0.71437234}
  m_LocalPosition: {x: 4.5634804e-10, y: 0.010738927, z: -1.862645e-10}
  m_LocalScale: {x: 1.0000001, y: 1.0000002, z: 1}
  m_ConstrainProportionsScale: 0
  m_Children:
  - {fileID: 1049208920930098382}
  m_Father: {fileID: 1049208919370515018}
  m_RootOrder: 0
  m_LocalEulerAnglesHint: {x: 0, y: 0, z: 0}
